<record><leader>00000cas a22000007a 4500</leader><controlfield tag="001">32326580</controlfield><controlfield tag="008">950418d19311966ncudn ne      0    0eng d</controlfield><controlfield tag="009">13381</controlfield><datafield ind1=" " ind2=" " tag="010"><subfield code="a">sn 95072306 </subfield></datafield><datafield ind1=" " ind2=" " tag="040"><subfield code="a">NVJ</subfield><subfield code="b">eng</subfield><subfield code="c">NVJ</subfield></datafield><datafield ind1=" " ind2=" " tag="042"><subfield code="a">msc</subfield></datafield><datafield ind1="0" ind2="0" tag="245"><subfield code="a">Richmond County journal.</subfield></datafield><datafield ind1=" " ind2=" " tag="260"><subfield code="a">Rockingham, N.C. :</subfield><subfield code="b">Scott M. Thomas,</subfield></datafield><datafield ind1=" " ind2=" " tag="300"><subfield code="a">v.</subfield></datafield><datafield ind1=" " ind2=" " tag="310"><subfield code="a">Daily (except Saturday &amp; Sunday),</subfield><subfield code="b">Mar. 18, 1963-July 20, 1966</subfield></datafield><datafield ind1=" " ind2=" " tag="321"><subfield code="a">Weekly,</subfield><subfield code="b">Sept. 8, 1931-Nov. 15, 1939</subfield></datafield><datafield ind1=" " ind2=" " tag="321"><subfield code="a">Semiweekly,</subfield><subfield code="b">Nov. 20, 1939-Oct. 11, 1951</subfield></datafield><datafield ind1=" " ind2=" " tag="321"><subfield code="a">Triweekly,</subfield><subfield code="b">Oct. 15, 1951-Mar. 15, 1963</subfield></datafield><datafield ind1="0" ind2=" " tag="362"><subfield code="a">Vol. 1, no. 1 (Sept. 8, 1931)-v. 34, no. 225 (July 20, 1966).</subfield></datafield><datafield ind1=" " ind2=" " tag="752"><subfield code="a">United States</subfield><subfield code="b">North Carolina</subfield><subfield code="c">Richmond</subfield><subfield code="d">Rockingham.</subfield></datafield><datafield ind1="0" ind2="0" tag="785"><subfield code="t">Richmond County daily journal</subfield><subfield code="w">(DLC)sn 9002137</subfield></datafield></record>